%% This BibTeX bibliography file was created using BibDesk.
%% http://bibdesk.sourceforge.net/


%% Created for Lena Victoria Peschke at 2013-10-28 10:12:46 +0100 


%% Saved with string encoding Unicode (UTF-8) 



@misc{foditic,
	Author = {Marc Lobelle},
	Date-Added = {2013-10-28 09:07:51 +0000},
	Date-Modified = {2013-10-28 09:12:41 +0000},
	Howpublished = {\url{http://foditic.org/LINGI1113_14/missions/Projet2.php}},
	Month = {October},
	Title = {LINGI1113 - Projet 2: exercice sur machine nue},
	Year = {2013}}

@manual{microchipDS,
	Date-Added = {2013-10-28 08:22:38 +0000},
	Date-Modified = {2013-10-28 08:24:43 +0000},
	Organization = {Microchip Technology Inc.},
	Title = {PIC18F97J60 Family Data Sheet},
	Year = {2006}}
